             %%%%%%%%%%%%%%%%%%%%%%%%%%%%%%%%%%%%%%%%%
             %%%%%%%%         TEORIA         %%%%%%%%%
             %%%%%%%%%%%%%%%%%%%%%%%%%%%%%%%%%%%%%%%%%






@BOOK{cripps,
  author =       {S. C. Cripps},
  editor =       {Norwood},
  title =        {{RF} {P}ower {A}mplifiers for {W}ireless {C}ommunications},
  publisher =    {Artech House Inc.},
  year =         {MA, USA,2006},
}


@ARTICLE{two_hidden,
  AUTHOR =       {F. Mkadem and M. B. Ayed and S. Boumaiza and J. Wood and P. Aaen},
  TITLE =        {Behavioral modeling and digital predistortion of power amplifiers with memory using two hidden layers artificial neural networks},
  JOURNAL =      {MTT-S International Microwave Symposium Digest},
  YEAR =         {2010},
  volume =       {},
  number =       {},
  pages =        {656-659},
  month =        {May. 23-28},
  note =         {},
  abstract =     {},
  keywords =     {},
  source =       {},
}


@ARTICLE{OHPBNN,
  AUTHOR =       {X. H. Yuan and Q. Y. Feng and T. J. Zeng and H. B. Ma},
  TITLE =        {Digital redistortion for {RF} power amplifiers based on enhanced orthonormal hermite polynomial basis neural network},
  JOURNAL =      {Progress in Electromagnetics Research Symposium PIERS},
  YEAR =         {2010},
  volume =       {58},
  number =       {1},
  pages =        {1130-1133},
  month =        {Jan.},
  note =         {},
  abstract =     {},
  keywords =     {},
  source =       {},
}



@ARTICLE{rvftdnn,
  AUTHOR =       {M. Rawat and K. Rawat and F. M. Ghannouchi},
  TITLE =        {Adaptative digital predistortion of wireless power amplifiers/transmitters using dynamic real-valued focused time-delay line neural networks},
  JOURNAL =      {IEEE Transactions on Microwave Theory and Techniques},
  YEAR =         {2010},
  volume =       {13},
  number =       {10},
  pages =        {95-104},
  month =        {Oct.},
  note =         {},
  abstract =     {},
  keywords =     {},
  source =       {},
}

@ARTICLE{physically,
  AUTHOR =       {F. Mkadem and S. Boumaiza},
  TITLE =        {Physically inspired neural network model for {RF} power amplifier behavioral modeling and digital predistortion},
  JOURNAL =      {IEEE Transactions on Microwave Theory and Techniques},
  YEAR =         {2011},
  volume =       {59},
  number =       {4},
  pages =        {913-923},
  month =        {Apr.},
  note =         {},
  abstract =     {},
  keywords =     {},
  source =       {},
}


@ARTICLE{radial,
  AUTHOR =       {M. Isaksson and D. Wisell, and D. Ronnow},
  TITLE =        {Wide-band dynamic modeling of power amplifiers using radial-basis function neural networks},
  JOURNAL =      {IEEE Transactions on Microwave Theory and Techniques},
  YEAR =         {2005},
  volume =       {53},
  number =       {11},
  pages =        {3422-3428},
  month =        {Nov.},
  note =         {},
  abstract =     {},
  keywords =     {},
  source =       {},
}



@ARTICLE{narma,
  AUTHOR =       {G. Montoro and P. L. Gilabert and E. Bertran and A. Cesari and D.D. Silveira},
  TITLE =        {A new digital predictive predistorter for behavioral power amplifier linearization},
  JOURNAL =      {IEEE Microwave and Wireless Components Letters},
  YEAR =         {2007},
  volume =       {17},
  number =       {6},
  pages =        {448-450},
  month =        {Jun.},
  note =         {},
  abstract =     {},
  keywords =     {},
  source =       {},
}



@ARTICLE{narxpoly,
  AUTHOR =       {V. Camarchia and P. Colantonio and S. Donati Guerrieri and R. Giogre and E.G. Lima and L. Piazzon and M. Pirola and R. Quaglia},
  TITLE =        {Base-band predistortion linearization scheme of high efficiency power amplifiers for wireless applications},
  JOURNAL =      {Workshop on Integrated Nonlinear Microwave and Milimetre-Wave Circuits INMMIC},
  YEAR =         {2008},
  volume =       {},
  number =       {},
  pages =        {119-122},
  month =        {Nov.},
  note =         {},
  abstract =     {},
  keywords =     {},
  source =       {},
}


@ARTICLE{memoryeffects,
  AUTHOR =       {J. H. K. Vuolevi and T. Rahknen and J. P. A. Manninen},
  TITLE =        {Measurement technique for characterizing memory effects in {RF} power amplifiers},
  JOURNAL =      {IEEE Transactions on Microwave Theory and Techniques},
  YEAR =         {2001},
  volume =       {49},
  number =       {8},
  pages =        {1383-1389},
  month =        {Aug.},
  note =         {},
  abstract =     {},
  keywords =     {},
  source =       {},
}

@ARTICLE{feedbackenvolvente,
  AUTHOR =       {T. Arthanake and T. Wood},
  TITLE =        {Linear amplification using envelope feedback},
  JOURNAL =      {IEEE Electronics Letters},
  YEAR =         {1971},
  volume =       {7},
  number =       {7},
  pages =        {145-146},
  month =        {Jul.},
  note =         {},
  abstract =     {},
  keywords =     {},
  source =       {},
}

@ARTICLE{feedbackpolar,
  AUTHOR =       {V. Petrovic and W. Gosling},
  TITLE =        {Polar Loop Transmitter},
  JOURNAL =      {IEE Electronics Letters},
  YEAR =         {1979},
  volume =       {15},
  number =       {10},
  pages =        {286-288},
  month =        {Jul.},
  note =         {},
  abstract =     {},
  keywords =     {},
  source =       {},
}

@ARTICLE{feedbackcartesiana,
  AUTHOR =       {M. Johansson and L. Sundstrom},
  TITLE =        {Linerization of {RF} Multicarrier Amplifiers using Cartesian Feedback},
  JOURNAL =      {IEE Electronics Letters},
  YEAR =         {1994},
  volume =       {30},
  number =       {14},
  pages =        {1110-1112},
  month =        {Aug.},
}

@ARTICLE{predistortion,
  AUTHOR =       {F. Ghannnouchi and O. Hammi},
  TITLE =        {Behavioral modeling and predistortion},
  JOURNAL =      {IEEE Microwave Magazine},
  YEAR =         {2009},
  volume =       {10},
  number =       {7},
  pages =        {52-64},
  month =        {Dec.},
}

@BOOK{libroRF,
  author =       {P. B. Kenington},
  editor =       {Norwood},
  title =        {High-linearity {RF} Amplifier Design},
  publisher =    {MA:Artech House},
  year =         {2000},

}

@ARTICLE{pdbandabase,
  author =       {R. Gupta and S. Ahmad and R. Ludwing and J. McNeill},
  title =        {Adaptative Digital Baseband Predistortion for {RF}  power amplifier linearization},
  journal =      {High Frequency Electronics},
  year =         {2006},
}

@ARTICLE{volterra,
  author =       {C. Eun and E. J. Powers},
  title =        {A New {V}olterra predistorter based on the indirect learning architecture},
  journal =      {IEEE Transactions on Signal Processing},
  year =         {1997},
  volume =       {45},
  number =       {1},
  pages =        {223-227},
  month =        {Jan.},
}

@ARTICLE{pruningvolterra,
  author =       {A. Zhu and J. C. Pedro and T. R. Cunha},
  title =        {Pruning the {V}olterra series for behavioral modeling of power amplifiers using physical knowledge},
  journal =      {IEEE Transactions on Microwave Theory and Techniques},
  year =         {2007},
  volume =       {55},
  number =       {5},
  pages =        {813-821},
  month =        {May.},
}

@ARTICLE{reductionvolterra,
  author =       {A. Zhu and L. C. Pedro and T. J. Brazil},
  title =        {Dynamic deviation reduction based Volterra behavioral modeling of {RF} power amplifiers},
  journal =      {IEEE Transactions on Microwave Theory and Techniques},
  year =         {2006},
  volume =       {24},
  number =       {12},
  pages =        {4423-4331},
  month =        {Dec.},
}

@ARTICLE{pdmpm,
  author =       {J. Kim and K. Konstantinou},
  title =        {Digital predistortion of wideband signals based on power amplifiers model with memory},
  journal =      {Electronics LEtters},
  year =         {2001},
  volume =       {37},
  number =       {23},
  pages =        {1417-1418},
  month =        {Aug.},
}

@ARTICLE{ortogonalmpm,
  author =       {R. Raich and H. Qian and G. T. Zhou},
  title =        {Ortogonal polynomials for power amplifier modeling and predistorter design},
  journal =      {IEEE Transactions on Vehicular Technology},
  year =         {2004},
  volume =       {53},
  number =       {5},
  pages =        {1468-1479},
  month =        {Sep.},
}

@ARTICLE{generalizedmpm,
  author =       {D. R. Morgan and Z. Ma and J. Kim and M. G. Zierdt and J. Pastalan},
  title =        {A Generalized memory polynomial model for digital predistortion of {RF} power amplifiers},
  journal =      {IEEE Transactions on Signal Processing},
  year =         {2006},
  volume =       {54},
  number =       {10},
  pages =        {3852-3860},
  month =        {Oct.},
}

@ARTICLE{pdmpme,
  author =       {O. Hammi and F. Ghannouchi and B. Vassilakis},
  title =        {A compact envelope-memory polynomial for {RF} transmitters modeling with application to baseband and {RF}-digital predistortion},
  journal =      {IEEE Microwave and Wireless Components Letters},
  year =         {2008},
  volume =       {18},
  number =       {5},
  pages =        {359-361},
  month =        {May.},
}

@ARTICLE{wiener,
  author =       {T. Liu and S. Boumaiza and F. Ghannouchi},
  title =        {Deembeding static nonlinearities and accurately identifying modeling memory effects in wideband {RF} transmitters},
  journal =      {IEEE Transactions on Microwave Theory and Techniques},
  year =         {2005},
  volume =       {53},
  number =       {11},
  pages =        {3578-3587},
  month =        {Nov.},
}


@ARTICLE{recurrent,
  author =       {A. M. Schafer and H. G. Zimmermann},
  title =        {Recurrent Nerual Networks are universal approximators},
  journal =      {Artificial Neural Networks, ICANN},
  year =         {2006},
  volume =       {4131},
  number =       {Part I},
  pages =        {632-640},
  month =        {September},
}


@ARTICLE{comparison,
  author =       {C. A. Mitrea and C. K. M. Lee and Z. Wu},
  title =        {A Comparison between neural networks and traditional forecasting methods: a case study},
  journal =      {International Journal of Engineering Bussines Management},
  year =         {2009},
  volume =       {1},
  number =       {2},
  pages =        {19-24},
}

@ARTICLE{training,
  author =       {M. T. Hagan and M. B. Menhaj},
  title =        {Training feedforward networks with the marquardt algorithm},
  journal =      {IEEE Transactons on Neural Networks},
  year =         {1994},
  volume =       {5},
  number =       {6},
  pages =        {989-993},
}


@ARTICLE{newlook,
  author =       {J. M. P. Menezes Jr. and G. A. Barreto},
  title =        {A new look at nonlinear time series prediction with {NARX} recurrent neural network},
  journal =      {Proceedings of the Ninth Brazilian Symposium on Neuiral Networks (SBRN)},
  year =         {2006},
  pages =        {160-165},
  month =        {Oct.},
}

@ARTICLE{onrecurrent,
  author =       {J. M. P. Menezes and G. A. Barreto},
  title =        {On recurrent neural networks for auto-similar traffic prediction: a performance evaluation},
  journal =      {International Telecommunications Symposium},
  year =         {2006},
  pages =        {534-539},
  month =        {Sep.},
}

@ARTICLE{tradeoff,
  author =       {A. S. Tehrani and H. Cao and S. Afsardoost and T. Eriksson and M. Isaksson and C. Fager},
  title =        {A comparative analysis of the complexity/accuracy tradeoff in power amplifiers behavioral models},
  journal =      {IEEE Transactions on Microwave Theory and Techniques},
  year =         {2010},
  volume =       {58},
  number =       {6},
  pages =        {1510-1520},
  month =        {Jun.},
}

@ARTICLE{dynamic,
  author =       {T. Liu and S. Boumaiza and F. Ghannouchi},
  title =        {Dynamic behavioral modeling of 3{G} power amplifiers using real-valued time-delay neural networks},
  journal =      {IEEE Transactions on Microwave Thenory and Techniques},
  year =         {2004},
  volume =       {52},
  number =       {3},
  pages =        {1025-1033},
  month =        {Mar.},
}


@ARTICLE{globally,
  author =       {B. OBrien and J. Dooley and T. J. Brazil},
  title =        {{RF} power amplifier behavioral modeling using globally recurrent neural network},
  journal =      {IEEE MTT-S International Microwave Symposium},
  year =         {2006},
  pages =        {1089-1092},
  month =        {Jun.},
}

@ARTICLE{realtime,
  author =       {R. Quaglia and V. Camarchia and S. Donati Guerrieri and E. G. Lima and G. Ghione and Q. Luo and M. Pirola and R. Tinivella},
  title =        {Real-time {FPGA}-based baseband predistortion of {WCDMA} 3{GPP} high-efficiency power amplifiers: comparing {G}a{N} {HEMT} and {S}i {LDMOS} predistorted {PA} performances},
  journal =      {European Microwave Conference},
  year =         {2009},
  pages =        {342-345},
  month =        {Sep.},
}

@ARTICLE{effective,
  author =       {J. Zhang and Y. Guo},
  title =        {An effective approach to behavioral modeling of RF power amplifier based on recursive polynomials},
  journal =      {International Symposium on Microwave, Antenna, Propagation and {EMC} Technologies for Wirelees Communications},
  year =         {2011},
  pages =        {320-323},
  month =        {Nov.},
}

@ARTICLE{fullyrecurrent,
  author =       {D. Luongvinh and Y. Kwon},
  title =        {Behavioral modeling of power amplifiers using fully recurrent neural networks},
  journal =      {IEEE MTT-S International Microwave Symposium Digest},
  year =         {2006},
  pages =        {1979-1982},
}

@ARTICLE{robutness,
  author =       {O. Hammi and S. Boumaiza and F. Ghannouchi},
  title =        {On the robustness of digital predistortion function synthesis and average power tracking for higly nonlinear power amplifiers},
  journal =      {IEEE Transactions on Microwave Theory and Techniques},
  year =         {2007},
  volume =       {55},
  number =       {6},
  pages =        {1382-1389},
}

@ARTICLE{poweralignment,
  author =       {O. Hammi and F. Ghannouchi},
  title =        {Power alignment of digital predistorters for power amplifiers linearity optimization},
  journal =      {IEEE Transactions on Broadcasting},
  year =         {2009},
  volume =       {55},
  number =       {1},
  pages =        {109-114},
}

@MANUAL{agilent,
  title =        {Wideband Digital Pre-Distortion Modeling for {LTE}-{A}dvanced},
  author =       {Daren McCLearon},
  organization = {Agilent Technologies},
  edition =      {2012},
}

@BOOK{edgar,
  author =       {Edgar Nelson Sanchez Camperos and Alma Yolanda Alanis Garcia},
  editor =       {Pearson},
  title =        {Redes Neuronales: Conceptos fundamentales y aplicaciones a control automático},
  publisher =    {Prentice Hall},
  year =         {2006},
}

@MANUAL{agilent2,
  title =        {Practical Digital Pre-Distortion Techniques for {PA} Linearization in 3{GPP} {LTE}},
  author =       {Jinbiao Xu},
  organization = {Agilent},
  year =         {2010},
}

@ARTICLE{behavioral,
  author =       {F. Ghannouchi and Oualid Hammi},
  title =        {Behavioral modeling and predistortion},
  journal =      {IEEE Microwave Magazine},
  year =         {2009},
  volume =       {10},
  number =       {7},
  pages =        {52-64},
}

@ARTICLE{agilent3,
  author =       {W. J. Kim and S. P. Stapleton and J. H. Kim and C. Edelman},
  title =        {Digital predistortion linearizes wireless power amplifiers},
  journal =      {IEEE Microwave Magazine},
  year =         {2005},
  volume =       {6},
  number =       {3},
  pages =        {54-61},
}

@ARTICLE{twotones_measurement,
  author =       {C. J. Clark and C. P. Silva and A. A: Moulthrop and M. S. Muha},
  title =        {Power-amplifier characterization using a two-tone measurement technique},
  journal =      {IEEE Transactions on Microwave Theory and Techniques},
  year =         {2002},
  volume =       {50},
  number =       {6},
  pages =        {1590-1602},
}

@ARTICLE{capabilities,
  author =       {H. T. Siegelmann and B. G. Horme and C. L. Giles},
  title =        {Computational capabilities of recurrent {NARX} neural networks},
  journal =      {IEEE Transactions on Systems, Man and Cybernetics, Part B: Cybernetics},
  year =         {1997},
  volume =       {27},
  number =       {2},
  pages =        {208-215},
}

@ARTICLE{remember,
  author =       {T. Lin and B. G. Horme and C. Lee Giles and S. Y. Kung},
  title =        {What to remember: How memory order affects the performance of {NARX} neural networks},
  journal =      {Neural Networks Proceddings, 1998. IEEE World Congress on Computational Inteligence},
  year =         {1998},
  volume =       {2},
  number =       {},
  pages =        {1051-1056},
}

@ARTICLE{experimentalprediction,
  author =       {C. Alippi and V. Piuri},
  title =        {Experimental neural networks for prediction and identification},
  journal =      {IEEE Transactions on Instrumentation and Measurements},
  year =         {1996},
  volume =       {45},
  number =       {2},
  pages =        {670-676},
}

@ARTICLE{indirect,
  author =       {C. Eun and E. L. Powers},
  title =        {A new {V}olterra predistorter based on the indirect learning architecture},
  journal =      {IEEE Transactions on Signal Processing},
  year =         {1997},
  volume =       {45},
  number =       {1},
  pages =        {223-227},
}

@ARTICLE{levenberg,
  author =       {M. T. Hagan and M. B. Menhaj},
  title =        {Training feedforward networks with the Marquardt algorithm},
  journal =      {IEEE Transactions on Neural Networks},
  year =         {1994},
  volume =       {5},
  number =       {6},
  pages =        {989-993},
}

@ARTICLE{embeded_memory,
  author =       {T. Lin and B. G. Horne y C. Lee Giles},
  title =        {How embeded memory in recurrent neural network architectures help learning long-term temporal dependencies},
  journal =      {Neural Networks},
  year =         {1998},
  volume =       {11},
  number =       {5},
  pages =        {861-868},
}

@ARTICLE{pruebas_dos_tonos,
  author =       {W. Bosch and G. Gatti},
  title =        {Measurement and simulation of memory effects in predistortion linearizers},
  journal =      {IEEE Transactions on Microwave Theory and Tecnhiques},
  year =         {1989},
  volume =       {37},
  number =       {12},
  pages =        {1885-1890},
}

@ARTICLE{pruebas_dos_tonos2,
  author =       {C. J. Clark and C. P. Silva and A. A. Moulthrop and M. S. Muha},
  title =        {Power amplifier characterization using a two-tone measurement technique},
  journal =      {IEEE Transactions on Microwave Theory and Techniques },
  year =         {2002},
  volume =       {50},
  number =       {6},
  pages =        {1590-1602},
}

@ARTICLE{multitonosa,
  author =       {D. Wisell and D. Ronnow and P. Handel},
  title =        {A tecnhique to extend the bandwith of an {RF} power amplifier test bed},
  journal =      {IEEE Transactions on Instrumentation and Measurements},
  year =         {2007},
  volume =       {56},
  number =       {4},
  pages =        {1488-1494},
}

@ARTICLE{multitonosb,
  author =       {Y. Yang and J. Yi and J. Nam and B. Kim and M. Park },
  title =        {Measurement of two-tone transfer characteristics of high power amplifiers},
  journal =      {IEEE Transactions on Microwave Theory and Techniques},
  year =         {2001},
  volume =       {49},
  number =       {3},
  pages =        {568-571},
}

@ARTICLE{volterra1,
  author =       {A. Zhu and T. J. Brazil},
  title =        {Behavioral modeling of {RF} power amplifiers based on pruned {V}olterra series},
  journal =      {IEEE Microwave and Wireless Compinents Letters},
  year =         {2004},
  volume =       {14},
  number =       {12},
  pages =        {563-565},
}

@ARTICLE{chaotic,
  author =       {E.Diaconescu},
  title =        {The use of {NARX} neural networks to predict chaotic time series},
  journal =      {WSEAS Transactions on Computer Research},
  year =         {2008},
  volume =       {3},
  number =       {3},
  pages =        {182-191},
}

@ARTICLE{rolememory,
  author =       {C. Lee Giles and T. Lin and B. G. Horne},
  title =        {Remembering the past: the role of embedded memory in recurrent neural network architectures},
  journal =      {Proceddings of the 1997 IEEE Workshop Neural Networks for Signal Processing},
  year =         {1997},
  pages =        {34-43},
}

@ARTICLE{newlook,
  author =       {J. M. P. Menezes and G. A. Barreto},
  title =        {A new look at nonlinear time series prediction with {NARX} recurrent neural network},
  journal =      {Proceddings of the Ninth Brazilian Symposium on Neural Networks},
  year =         {2006},
  pages =        {160-165},
}

@ARTICLE{nguyen,
  author =       {D. Nguyen and B. Widrow},
  title =        {Improving the learning speed of 2 layer neural networks by choosing initial values of the adaptive weights},
  journal =      {International Joint Conference on Neural Networks},
  year =         {1990},
  volume =       {3},
  pages =        {21-26},
}

@ARTICLE{synergetic,
  author =       {O. Hammi and S. Carichner and B. Vassilakis and F. Ghannouchi},
  title =        {Synergetic crest factor reduction and baseband digital predistortion for adaptative 3{G} {D}oherty power amplifier linearizer design},
  journal =      {IEEE Transactions on Microwave Theory and Techniques},
  year =         {2008},
  volume =       {56},
  number =       {11},
  pages =        {2602-2608},
}

@ARTICLE{papr,
  author =       {S. H. Han and J. H. Lee},
  title =        {An overview of peak-to-average power ratio reduction techniques for multicarrier transmision},
  journal =      {IEEE Wireless Communications},
  year =         {2005},
  volume =       {12},
  number =       {2},
  pages =        {56-65},
}


@ARTICLE{uno,
  author =       {L. M. Aguilar-Lobo and J. R. Loo-Yau and J. E. Rayas-Sanchez and S. Ortega-Cisneros and P. Moreno and J. A. Reynoso-Hernandez},
  title =        {Application of the {NARX} Neural network as a {DPD} technique for linearizing microwaves {PA}s},
  journal =      {Microwave and Optical Technology Letters},
  year =         {2015},
  volume =       {57},
  number =       {9},
  pages =        {2137-2145},
}

@ARTICLE{dos,
  author =       {Lina. M. Aguilar-Lobo and J. R. Loo-Yau and S. Ortega-Cisneros and P. Moreno and J. A. Reynoso-Hernandez},
  title =        {Experimental study of the capabilities of the Real-Valued {NARX} Neural Network for behavioral modeling of multi-standarad {RF} power amplifier},
  journal =      {International Microwaves Symposium (IMS2015)},
  year =         {17-22 May 2015},
  number =       {Phoenix, Arizona},
}

@ARTICLE{tres,
  author =       {L. M. Aguilar-Lobo and J. R. Loo-Yau and S. Ortega-Cisneros and P. Moreno and J. E. Rayas-Sanchez and J. A. Reynoso-Hernandez},
  title =        {A digital predistortion technique based on a {NARX} network to linearize {G}a{N} class {F} power amplifiers},
  journal =      {MWSCAS 2014 IEEE 57th International Midwest Symposium on Circuits and Systems},
  year =         {3-6 Aug 2014},
  number =       {College Station, Texas},
}

@ARTICLE{cuatro,
  author =       {J. A. Renteria-Cedano and L. M. Aguilar-Lobo and J.R. Loo-Yau and S. Ortega-Cisneros},
  title =        {Implementation of a {NARX} neural network in a {FPGA} for modeling the inverse characteristics of power amplifiers},
  journal =      {MWSCAS 2014 IEEE 57th International Midwest Symposium on Circuits and Systems},
  year =         {3-6 Aug 2014},
  number =       {College Station, Texas},
}

@ARTICLE{cinco,
  author =       {J. A. Renteria-Cedano and L. M. Aguilar-Lobo and S. Ortega and J. R. Loo-Yau and Juan J. Raygoza-Panduro},
  title =        {{FPGA} Implementation of a {NARX} Network form modeling nonlinear systems},
  journal =      {Lecture Notes in Computer Science},
  year =         {2014},
  volume =       {8827},
  pages =       {88-95},,
}


@ARTICLE{annmicrowave,
  author =       {A. Patnaik and R. K. Mishra},
  title =        {{ANN} techniques in microwaves engineering},
  journal =      {IEEE Microwave Magazine},
  year =         {2000},
  volume =       {1},
  pages =       {55-60},
}

@ARTICLE{annforrf,
  author =       {Q. J. Zhang and K. C. Gupta and V. K. Devabhaktuni},
  title =        {Artificial Neural Networks for {RF} and microwave design},
  journal =      {IEEE Transactions on Microwave Theory and Techniques},
  year =         {2003},
  volume =       {1},
  number =       {4},
  pages =       {1339-1350},
}

@ARTICLE{areview,
  author =       {P. Burrascano and M. Mongiardo},
  title =        {A review of artificial neural netwroks applications in microwave {CAD}},
  journal =      {International Journal RF and Microwave CAE},
  year =         {1999},
  volume =       {9},
  pages =       {158-174},
}

@ARTICLE{rayas,
  author =       {J. E. Rayas-Sanchez},
  title =        {{EM}-based optimization of microwave circuits using artificial neural networks: the state of the art},
  journal =      {IEEE Transactions on Microwave Theory and Techniques},
  year =         {2004},
  volume =       {52},
  number =       {1},
  pages =       {420-435},
}

@BOOK{haykin,
  author =       {S. Haykin},
  editor =       {Person},
  title =        {{N}eural {N}etworks {A} {C}omprehensive {F}undation},
  publisher =    {Prentice Hall},
  year =         {Secon Edition, 2000},
}

@ARTICLE{lara,
  author =       {F. Lara},
  title =        {{EM}-based optimization of microwave circuits using artificial neural networks: the state of the art},
  journal =      {Journal of the Mexican Society of Instrumentation},
  year =         {1998},
  volume =       {3},
  number =       {9},
  pages =       {5-10},
}

%
%\bibitem{sun} S. Lingling, L. Binyi, L. Jun, and C. Lei, ``RF CMOS modeling: a novel empirical large-signal model for an RF-MOSFET,'' Journal of Semiconductors, vol. 31, No. 4, April 2010.
%
%\bibitem{andrei} A. Grebennikova and F. Linb, ``An analytical MOSFET model for nonlinear circuit simulation,'' Microwave Conference, pp. 1158-1162, 2000.
%
%\bibitem{lee} S. Lee, ``Empirical Nonlinear Modeling for RF MOSFETs,'' International Journal of RF and Microwave Computer-Aided Engineering, vol. 14, Issue 2, pp. 182-189, March 2004.
%
%\bibitem{siligar} A. Siligaris, G. Dambrine, D. Schreurs, and F. Danneville, ``130-nm Partially Depleted SOI MOSFET Nonlinear Model Including the KinkEffect for Linearity Properties Investigation,'' IEEE Transactions on Electron Devices, vol. 52, NO. 12, December 2005.
%
%
%\bibitem{angelov2}I. Angelov, H. Zirath, and N. Rorsman, ``Validation of a nonlinear transitor model by power spectrum characteristics of HEMT's and MESFET's,'' IEEE Trans. Microwave Theory Tech., vol. 43, pp. 1046-1051, May 1995.
%
%
%\bibitem{gaddi} Gaddi R., Tasker P. J. and Pla J. A., ``Direct extraction of LDMOS small signal parameters from off-state measurements'', Electronics Letters, vol. 36, NO. 23, pp. 1964-1966, November 2000.
%
%\bibitem{chen} Y. C. Chen, D. L. Ingram, H. C. Yen, R. Lai, and D. C. Streit, ``A New Emiprical I-V Model for HEMT Devices,'' IEEE Microwave and Guided Wave Letters, VOL. 8, NO. 10, October 1998.
